% Encoding: UTF-8

@Article{sqlite,
  title = {sqlite},
  year  = {2020},
  url   = {https://www.sqlite.org},
}

@Article{bettertest,
  author = {Tim Zoet},
  title  = {BetterTest},
  year   = {2021},
  url    = {https://github.com/TimZoet/BetterTest},
}

@Comment{jabref-meta: databaseType:bibtex;}
